@MISC{simulationlib, 
 author = {Surjanovic, S. and Bingham, D.}, 
 title = {Virtual Library of Simulation Experiments: Test Functions and Datasets}, 
 howpublished = {Retrieved March 14, 2023, from \url{http://www.sfu.ca/~ssurjano}} 
}

@article{yang2010,
  doi = {10.48550/ARXIV.1008.0549},
  
  url = {https://arxiv.org/abs/1008.0549},
  
  author = {Yang, Xin-She},
  
  keywords = {Optimization and Control (math.OC), FOS: Mathematics, FOS: Mathematics},
  
  title = {Test Problems in Optimization},
  
  publisher = {arXiv},
  
  year = {2010},
  
  copyright = {arXiv.org perpetual, non-exclusive license}
}

@article{Mirjalili2014,
  doi = {10.1016/j.advengsoft.2013.12.007},
  url = {https://doi.org/10.1016/j.advengsoft.2013.12.007},
  year = {2014},
  month = mar,
  publisher = {Elsevier {BV}},
  volume = {69},
  pages = {46--61},
  author = {Seyedali Mirjalili and Seyed Mohammad Mirjalili and Andrew Lewis},
  title = {Grey Wolf Optimizer},
  journal = {Advances in Engineering Software}
}